<collection xmlns="http://www.loc.gov/MARC21/slim"><record><leader>00913nam  2200313   450</leader><controlfield tag="001">646</controlfield><controlfield tag="003">http://montalegre.opacnet.com/OPAC/default.aspx?ContentAreaControl=ShowRegHoldings.ascx&amp;RegNo=16662</controlfield><controlfield tag="005">20</controlfield><datafield tag="010" ind1=" " ind2=" "><subfield code="a">972-41-0223-8</subfield></datafield><datafield tag="021" ind1=" " ind2=" "><subfield code="a">PT</subfield><subfield code="b">40430/90</subfield></datafield><datafield tag="100" ind1=" " ind2=" "><subfield code="a">20061013d1991    a  y0pory0103    ba</subfield></datafield><datafield tag="101" ind1="0" ind2=" "><subfield code="a">por</subfield></datafield><datafield tag="102" ind1=" " ind2=" "><subfield code="a">PT</subfield></datafield><datafield tag="105" ind1=" " ind2=" "><subfield code="a">a   z   000fy</subfield></datafield><datafield tag="106" ind1=" " ind2=" "><subfield code="a">r</subfield></datafield><datafield tag="200" ind1="1" ind2=" "><subfield code="a">Contos do tapete voador</subfield><subfield code="f">José Jorge Letria</subfield><subfield code="g">il. Rui Truta</subfield></datafield><datafield tag="205" ind1=" " ind2=" "><subfield code="a">3ª ed</subfield></datafield><datafield tag="210" ind1=" " ind2=" "><subfield code="a">Porto</subfield><subfield code="c">Asa</subfield><subfield code="d">1991</subfield></datafield><datafield tag="215" ind1=" " ind2=" "><subfield code="a">36 p.</subfield><subfield code="c">il.</subfield><subfield code="d">21 cm</subfield></datafield><datafield tag="225" ind1="0" ind2=" "><subfield code="a">Asa juvenil</subfield><subfield code="v">34</subfield></datafield><datafield tag="606" ind1=" " ind2=" "><subfield code="a">Literatura juvenil</subfield></datafield><datafield tag="608" ind1=" " ind2=" "><subfield code="a">Conto</subfield></datafield><datafield tag="675" ind1=" " ind2=" "><subfield code="a">82-34</subfield></datafield><datafield tag="700" ind1=" " ind2="1"><subfield code="a">Letria</subfield><subfield code="b">José Jorge</subfield><subfield code="f">1951-</subfield></datafield><datafield tag="702" ind1=" " ind2="1"><subfield code="a">Truta</subfield><subfield code="b">Rui</subfield><subfield code="f">1961-</subfield><subfield code="4">440</subfield></datafield><datafield tag="801" ind1=" " ind2="0"><subfield code="a">PT</subfield><subfield code="b">Biblioteca Municipal de Montalegre</subfield><subfield code="g">RPC</subfield></datafield><datafield tag="856" ind1=" " ind2=" "><subfield code="u">locateMedia.asp?cod=20060523094555&amp;ext=jpg</subfield><subfield code="z">CAPA</subfield></datafield><datafield tag="909" ind1="&#9;" ind2=" "><subfield code="a">3</subfield></datafield><datafield tag="966" ind1=" " ind2=" "><subfield code="a">0001001</subfield><subfield code="l">BMM</subfield><subfield code="s">SI 82-34 LET con 34</subfield></datafield><datafield tag="966" ind1=" " ind2=" "><subfield code="a">1003354</subfield><subfield code="l">BEM</subfield><subfield code="s">BEM 82-34 LET</subfield></datafield><datafield tag="966" ind1=" " ind2=" "><subfield code="a">1003353</subfield><subfield code="l">BEM</subfield><subfield code="s">BEM 82-34 LET</subfield></datafield></record></collection>